
@article {Daniel2019,
    title = {A fully implicit, scalable, conservative nonlinear relativisticFokker-Planck 0D-2P solver for runaway electrons},
    authors = {Daniel, Don and Taitano, William T. and Chac\'on, Luis},
    journal = {{arXiv}},
    url = {https://arxiv.org/abs/1902.10241}
}
@article {DuToit2018,
    title = "Positivity-preserving scheme for two-dimensional advection–diffusion equations including mixed derivatives",
    journal = "Computer Physics Communications",
    volume = "228",
    pages = "61 - 68",
    year = "2018",
    issn = "0010-4655",
    url = "https://doi.org/10.1016/j.cpc.2018.03.004",
    doi = "10.1016/j.cpc.2018.03.004",
    author = "E.J. du Toit and M.R. O’Brien and R.G.L. Vann",
    keywords = "Advection–diffusion, Fokker–Planck equation, Low-order positivity-preserving scheme"
}
